01REMESSA01COBRANCA       00000000000211857391IBOLT TECNOLOGIA EIRELI ME    237BRADESCO       051216        MX0000001                                                                                                                                                                                                                                                                                     000001
100000000000000000000017015220026347800000000000000000000000260000023000000000125600000000052N           2  01ABCDEFGHIJ10121600000000256250000000099N051216090900000000002120812160000000000250000000000000000000000000009900000000000000                                                                                            80330310                                                            000002
9                                                                                                                                                                                                                                                                                                                                                                                                         000003