01REMESSA01COBRANCA       15229000263478000000IBOLT                         001BANCO DO BRASIL1002170000190                      2953352                                                                                                                                                                                                                                                                  000001
702073757840001811522900026347829533520000000000000000000000041295335200000000310000  00   0190000000     1701000000003109021700000000015550010000 13N090217000000000000000000000000000000000000000000000000000000000000000100011402065671DANIEL NADSON CABRAL SILVA              CANDIDA RIBEIRO 970 CASA                ESPLANADA   39401464MONTES CLAROS  MG                                           000002
5992100217000000000200                                                                                                                                                                                                                                                                                                                                                                                    000003
9                                                                                                                                                                                                                                                                                                                                                                                                         000004