01REMESSA01COBRANCA       15229000263478000000IBOLT                         001BANCO DO BRASIL1002170000210                      2953352                                                                                                                                                                                                                                                                  000001
702073757840001811522900026347829533520000000000000000000000044295335200000000330000  00   0190000000     1701000000003310021700000000015260010000 13N090217000000000000000000000000000000000000000000000000000000000000000100011402065671DANIEL NADSON CABRAL SILVA              CANDIDA RIBEIRO 987 CASA 2              ESPLANADA   39401464MONTES CLAROS  MG                                           000002
5992110217000000000200                                                                                                                                                                                                                                                                                                                                                                                    000003
702073757840001811522900026347829533520000000000000000000000042295335200000000320000  00   0190000000     1701000000003210021700000000021220010000 13N090217000000000000000000000000000000000000000000000000000000000000000100011402065471DANIEL NADSON CABRAL SILVA              CANDIDA RIBEIRO 970 CASA 2              ESPLANADA   39401464MONTES CLAROS  MG                                           000004
5992110217000000000200                                                                                                                                                                                                                                                                                                                                                                                    000005
9                                                                                                                                                                                                                                                                                                                                                                                                         000006