01REMESSA01COBRANCA       00000000000000000123iBolt                         001BRADESCO       121216        MX0000002                                                                                                                                                                                                                                                                                     000001
10000000000000000000001701522002634780000000000000000000000012000000000000004283300000000000           0  00ABCDEFGHIJ12121600000000007020000000013N121216000000000000002121212160000000000000000000000000000000000000000207223657000167IBOLT SYS USUARIO DE TESTE 123                                                              80250220                                                            000002
10000000000000000000001701522002634780000000000000000000000011000000000000004283220000000000           0  00ABCDEFGHIJ12121600000000083070000000013N121216000000000000002121212160000000000000000000000000000000000000000207223657000167IBOLT SYS USUARIO DE TESTE 123                                                              80250220                                                            000003
10000000000000000000001701522002634780000000000000000000000010000000000000004283060000000000           0  00ABCDEFGHIJ12121600000000252650000000013N121216000000000000002121212160000000000000000000000000000000000000000100012345678901iBolt Tecnologia Teste                                                                      80330310                                                            000004
10000000000000000000001701522002634780000000000000000000000009000000000000000000120000000000           0  00ABCDEFGHIJ12121600000000252650000000013N121216000000000000002121212160000000000000000000000000000000000000000100012345678901iBolt Tecnologia Teste                                                                      80330310                                                            000005
9                                                                                                                                                                                                                                                                                                                                                                                                         000006